<record xmlns='http://www.loc.gov/MARC21/slim'><leader>01190cim a22002532u 4500</leader><controlfield tag='001'>3603717</controlfield><controlfield tag='005'>20151214183324.0</controlfield><controlfield tag='007'>ss|lmnjluz|nuu</controlfield><controlfield tag='008'>991101s1991    nyunnn         l    eng d</controlfield><datafield ind1=' ' ind2=' ' tag='035'><subfield code='a'>(NIC)notisASG0782</subfield></datafield><datafield ind1=' ' ind2=' ' tag='035'><subfield code='a'>3603717</subfield></datafield><datafield ind1=' ' ind2=' ' tag='035'><subfield code='a'>(OCoLC)63901411</subfield></datafield><datafield ind1=' ' ind2=' ' tag='040'><subfield code='a'>NIC</subfield><subfield code='c'>NIC</subfield><subfield code='d'>NIC</subfield><subfield code='d'>NIC</subfield></datafield><datafield ind1='1' ind2=' ' tag='100'><subfield code='a'>Biden, Joseph R.</subfield></datafield><datafield ind1='1' ind2='0' tag='245'><subfield code='a'>Equal justice under the law</subfield><subfield code='h'>[sound recording]</subfield></datafield><datafield ind1=' ' ind2=' ' tag='260'><subfield code='c'>1991.</subfield></datafield><datafield ind1=' ' ind2=' ' tag='300'><subfield code='a'>1 sound cassette (92 min.) :</subfield><subfield code='b'>analog, mono.</subfield></datafield><datafield ind1=' ' ind2=' ' tag='500'><subfield code='a'>Recorded in Ithaca, NY by Cornell University.</subfield></datafield><datafield ind1=' ' ind2=' ' tag='500'><subfield code='a'>Sponsored by: Cornell Law School,Cornell Public Interest Law Union,Vice Provost Office,Institute of Public Affairs,Law Student Association,Prison Project,Community and Rural Development Institute,Civil Liberties Union,Eco-Justice,Africana Studies and Research Center,Black Law Students Association,N.Y.S. Bar Association,A.B.A.</subfield></datafield><datafield ind1=' ' ind2=' ' tag='500'><subfield code='a'>Speaker(s): U.S. Senator, Chair, U.S. Senate Judiciary Committee.</subfield></datafield><datafield ind1=' ' ind2=' ' tag='518'><subfield code='a'>Lecture, April 19, 1991, 8:00 pm, Moot Court Room, Myron Taylor Hall.</subfield></datafield><datafield ind1=' ' ind2='0' tag='830'><subfield code='a'>Preserving fair process for indigent criminal defendents in an overloaded system.</subfield></datafield><datafield ind1='1' ind2=' ' tag='899'><subfield code='a'>CULectures</subfield></datafield><datafield ind1=' ' ind2=' ' tag='905'><subfield code='a'>20000303120000.0</subfield></datafield></record>